<?xml version="1.0" encoding="UTF-8"?><collection xmlns="http://www.loc.gov/MARC21/slim"><record><leader>00578nam--2200181-u-4500</leader><controlfield tag="001">000055470</controlfield><controlfield tag="002">20161230</controlfield><controlfield tag="005">20161230201052</controlfield><controlfield tag="008">130212s1000------------r-----000-0-eng-d</controlfield><datafield ind1=" " ind2=" " tag="040"><subfield code="a">IFIN-HH</subfield></datafield><datafield ind1=" " ind2=" " tag="080"><subfield code="a">413.232</subfield></datafield><datafield ind1="1" ind2=" " tag="100"><subfield code="a">Katyshev, Iu.V</subfield></datafield><datafield ind1="1" ind2="0" tag="245"><subfield code="a">English-russian dictionary of charged particle accelerators</subfield><subfield code="b">Anglo-russkii slovari po uskoriteliam zariajennih ceastit</subfield><subfield code="c">Iu.v. katyshev, d.i. novikov, e.a. polferov</subfield></datafield><datafield ind1=" " ind2=" " tag="260"><subfield code="a">Moskva</subfield><subfield code="b">Sovetskaia Entiklopedia</subfield><subfield code="c">1965</subfield></datafield><datafield ind1=" " ind2=" " tag="300"><subfield code="a">323P</subfield></datafield><datafield ind1="1" ind2=" " tag="700"><subfield code="a">Polferov, E.A</subfield></datafield><datafield ind1=" " ind2=" " tag="852"><subfield code="a">D.357</subfield><subfield code="c">SLF</subfield></datafield><datafield ind1=" " ind2=" " tag="CAT"><subfield code="a">Sys</subfield><subfield code="c">20130212</subfield><subfield code="h">165849</subfield></datafield></record></collection>